/Users/kaza/Dropbox/Public/kaza.bib